<record><leader>00000cas a2200000 a 4500</leader><controlfield tag="001">36236103</controlfield><controlfield tag="008">970121d19011916oruwr ne      0    0eng c</controlfield><datafield ind1=" " ind2=" " tag="010"><subfield code="a">sn 96088322 </subfield></datafield><datafield ind1=" " ind2=" " tag="040"><subfield code="a">OCN</subfield><subfield code="b">eng</subfield><subfield code="c">OCN</subfield><subfield code="d">OCLCQ</subfield><subfield code="d">ORU</subfield><subfield code="d">OCLCQ</subfield><subfield code="d">OCLCF</subfield><subfield code="d">OCLCO</subfield></datafield><datafield ind1=" " ind2=" " tag="042"><subfield code="a">pcc</subfield></datafield><datafield ind1=" " ind2=" " tag="043"><subfield code="a">n-us-or</subfield></datafield><datafield ind1="0" ind2=" " tag="130"><subfield code="a">Harrisburg bulletin (Harrisburg, Or. : 1901)</subfield></datafield><datafield ind1="1" ind2="4" tag="245"><subfield code="a">The Harrisburg bulletin.</subfield></datafield><datafield ind1=" " ind2=" " tag="260"><subfield code="a">Harrisburg, Or. :</subfield><subfield code="b">A.P. Bettersworth, Jr.,</subfield><subfield code="c">1901-</subfield></datafield><datafield ind1=" " ind2=" " tag="300"><subfield code="a">v.</subfield></datafield><datafield ind1=" " ind2=" " tag="310"><subfield code="a">Weekly</subfield></datafield><datafield ind1="0" ind2=" " tag="362"><subfield code="a">Vol. 1, no. 1 (Aug. 1, 1901)-</subfield></datafield><datafield ind1="1" ind2=" " tag="362"><subfield code="a">Ceased in 1916?</subfield></datafield><datafield ind1=" " ind2=" " tag="530"><subfield code="a">Also issued on microfilm from University of Oregon.</subfield></datafield><datafield ind1=" " ind2=" " tag="580"><subfield code="a">Merged with: Commonwealth (Harrisburg, Or.), to form: Harrisburg bulletin and commonwealth.</subfield></datafield><datafield ind1=" " ind2="0" tag="651"><subfield code="a">Harrisburg (Or.)</subfield><subfield code="v">Newspapers.</subfield></datafield><datafield ind1=" " ind2="7" tag="655"><subfield code="a">Newspapers.</subfield><subfield code="2">fast</subfield><subfield code="0">(OCoLC)fst01423814</subfield></datafield><datafield ind1=" " ind2="7" tag="651"><subfield code="a">Oregon</subfield><subfield code="z">Harrisburg.</subfield><subfield code="2">fast</subfield><subfield code="0">(OCoLC)fst01221358</subfield></datafield><datafield ind1=" " ind2=" " tag="752"><subfield code="a">United States</subfield><subfield code="b">Oregon</subfield><subfield code="c">Linn</subfield><subfield code="d">Harrisburg.</subfield></datafield><datafield ind1="1" ind2="7" tag="785"><subfield code="t">Commonwealth (Harrisburg, Or.)</subfield><subfield code="w">(DLC)sn 96088321</subfield><subfield code="w">(OCoLC)36236108</subfield></datafield><datafield ind1="1" ind2="7" tag="785"><subfield code="t">Harrisburg bulletin and commonwealth</subfield><subfield code="w">(DLC)sn 96088324</subfield><subfield code="w">(OCoLC)36236117</subfield></datafield></record>